
@article{aboutsvg,
    author = "Chris Lilley, Dean Jackson",
    title = "Scalable Vector Graphics (SVG)",
    journal = "",
    ISSN = "",
    publisher = "",
    year = "2004",
    month = "10",
    volume = "",
    number = "",
    pages = "",
    URL = "https://www.w3.org/Graphics/SVG/About.html",
    DOI = "",
}

@article{130004638060,
author="金箱, 淳一 and 蛭田, 直 and 原田, 克彦 and 高尾, 俊介 and 佐竹, 裕行 and ジェームズ, ギブソン and 赤羽, 亨",
title="相互作用を喚起するアイデアスケッチ手法 : Interactive Sketchの提案",
journal="日本デザイン学会研究発表大会概要集",
ISSN="",
publisher="日本デザイン学会",
year="2011",
month="",
volume="58",
number="",
pages="14-14",
URL="https://ci.nii.ac.jp/naid/130004638060/",
DOI="10.11247/jssd.58.0.14.0",
}

@inproceedings{Masui,
    author = "増井俊之",
    title = "ユニバーサルなテキスト入力システムをめざして",
    booktitle = "第52回プログラミング・シンポジウム予稿集",
    year = "2011",
    volume = "2011",
    number = "",
    pages = "1--10",
    month = "jan"
}

@inproceedings{Yoon2015SensingTG,
    title={Sensing Tablet Grasp + Micro-mobility for Active Reading},
    author={Dongwook Yoon and Ken Hinckley and Hrvoje Benko and François Guimbreti{\`e}re and Pourang Irani and Michel Pahud and Marcel Gavriliu},
    booktitle={UIST '15},
    year={2015}
}

@inproceedings{Kim2019DataToonDD,
    title={DataToon: Drawing Dynamic Network Comics With Pen + Touch Interaction},
    author={Nam Wook Kim and Nathalie Henry Riche and Benjamin Bach and Guanpeng Xu and Matthew Brehmer and Ken Hinckley and Michel Pahud and Haijun Xia and Michael J. McGuffin and Hanspeter Pfister},
    booktitle={CHI '19},
    year={2019}
}

@inproceedings{Xia2018DataInkDA,
    title={DataInk: Direct and Creative Data-Oriented Drawing},
    author={Haijun Xia and Nathalie Henry Riche and Fanny Chevalier and Bruno Rodrigues De Ara{\'u}jo and Daniel J. Wigdor},
    booktitle={CHI},
    year={2018}
}

@inproceedings{Hinckley2007InkSeineIS,
    title={InkSeine: In Situ search for active note taking},
    author={Ken Hinckley and Shengdong Zhao and Raman Sarin and Patrick Baudisch and Edward Cutrell and Michael Shilman and Desney S. Tan},
    booktitle={CHI},
    year={2007}
}

@inproceedings{Ren2014InkAnchorEI,
    title={InkAnchor: enhancing informal ink-based note taking on touchscreen mobile phones},
    author={Yi Ren and Yang D. Li and Edward Lank},
    booktitle={CHI '14},
    year={2014}
}

@inproceedings{Li2012SketchCommAT,
    title={SketchComm: a tool to support rich and flexible asynchronous communication of early design ideas},
    author={Guang Li and Xiang Cao and Sergio Paolantonio and Feng Tian},
    booktitle={CSCW '12},
    year={2012}
}

@inproceedings{Romat2019ActiveInkW,
    title={ActiveInk: (Th)Inking with Data},
    author={Hugo Romat and Nathalie Henry Riche and Ken Hinckley and Bongshin Lee and Caroline Appert and Emmanuel Pietriga and Christopher Collins},
    booktitle={CHI '19},
    year={2019}
}